%Export citations from http://dblp.uni-trier.de/
%If websites do not have a author, set the title as author.

@article{paulmann2011there,
	title={Is there an advantage for recognizing multi-modal emotional stimuli?},
	author={Paulmann, Silke and Pell, Marc D},
	journal={Motivation and Emotion},
	volume={35},
	number={2},
	pages={192--201},
	year={2011},
	publisher={Springer}
}

@inproceedings{poria2017context,
	title={Context-dependent sentiment analysis in user-generated videos},
	author={Poria, Soujanya and Cambria, Erik and Hazarika, Devamanyu and Majumder, Navonil and Zadeh, Amir and Morency, Louis-Philippe},
	booktitle={Proceedings of the 55th annual meeting of the association for computational linguistics (volume 1: Long papers)},
	pages={873--883},
	year={2017}
}

@article{shenoy2020multilogue,
	title={Multilogue-net: A context aware rnn for multi-modal emotion detection and sentiment analysis in conversation},
	author={Shenoy, Aman and Sardana, Ashish},
	journal={arXiv preprint arXiv:2002.08267},
	year={2020}
}

@inproceedings{yakaew2021multimodal,
	title={Multimodal Sentiment Analysis on Video Streams using Lightweight Deep Neural Networks.},
	author={Yakaew, Atitaya and Dailey, Matthew N and Racharak, Teeradaj},
	booktitle={ICPRAM},
	pages={442--451},
	year={2021}
}